<record xmlns="http://www.loc.gov/MARC21/slim" xmlns:xsi="http://www.w3.org/2001/XMLSchema-instance" xsi:schemaLocation="http://www.loc.gov/MARC21/slim http://www.loc.gov/standards/marcxml/schema/MARC21slim.xsd"><leader>00377nz   2200133n  4500</leader><controlfield tag="001">oca03081964 </controlfield><controlfield tag="005">19911227161052.2</controlfield><controlfield tag="008">911224n| acannaab|          |a aaa ||| c</controlfield><datafield ind1=" " ind2=" " tag="010"><subfield code="a">n  91128768 </subfield></datafield><datafield ind1=" " ind2=" " tag="040"><subfield code="a">ICU</subfield><subfield code="c">ICU</subfield></datafield><datafield ind1="0" ind2=" " tag="100"><subfield code="a">Terpander</subfield></datafield><datafield ind1="0" ind2=" " tag="400"><subfield code="a">Terpandro</subfield></datafield><datafield ind1=" " ind2=" " tag="670"><subfield code="a">His Terpander, 1990:</subfield><subfield code="b">t.p. (Terpander, Terpandro)</subfield></datafield><datafield ind1=" " ind2=" " tag="670"><subfield code="a">EB</subfield><subfield code="b">(Terpander, fl. ca. 675 B.C., of Antissa in Lesbos)</subfield></datafield></record>